@inproceedings{Xiao:2018:MLB:3240508.3240705,
 author = {Xiao, Mengbai and Wang, Shuoqian and Zhou, Chao and Liu, Li and Li, Zhenhua and Liu, Yao and Chen, Songqing},
 title = {MiniView Layout for Bandwidth-Efficient 360-Degree Video},
 booktitle = {Proceedings of the 26th ACM International Conference on Multimedia},
 series = {MM '18},
 year = {2018},
 isbn = {978-1-4503-5665-7},
 location = {Seoul, Republic of Korea},
 pages = {914--922},
 numpages = {9},
 acmid = {3240705},
 publisher = {ACM},
 address = {New York, NY, USA},
 keywords = {360-degree video, spherical projection, video streaming, visual quality},
} 

@inproceedings{Corbillon:2017:VHM:3083187.3083215,
 author = {Corbillon, Xavier and De Simone, Francesca and Simon, Gwendal},
 title = {360Degreee Video Head Movement Dataset},
 booktitle = {Proceedings of the 8th ACM on Multimedia Systems Conference},
 series = {MMSys'17},
 year = {2017},
 isbn = {978-1-4503-5002-0},
 location = {Taipei, Taiwan},
 pages = {199--204},
 numpages = {6},
 acmid = {3083215},
 publisher = {ACM},
 address = {New York, NY, USA},
 keywords = {360-degree Video, Focus of Attention, Head Mounted Display, Omnidirectional Video, Virtual Reality},
} 

@inproceedings{Wu:2017:DEU:3083187.3083210,
 author = {Wu, Chenglei and Tan, Zhihao and Wang, Zhi and Yang, Shiqiang},
 title = {A Dataset for Exploring User Behaviors in VR Spherical Video Streaming},
 booktitle = {Proceedings of the 8th ACM on Multimedia Systems Conference},
 series = {MMSys'17},
 year = {2017},
 isbn = {978-1-4503-5002-0},
 location = {Taipei, Taiwan},
 pages = {193--198},
 numpages = {6},
 acmid = {3083210},
 publisher = {ACM},
 address = {New York, NY, USA},
 keywords = {Head movement, Spherical Video, Virtual reality},
} 